@article{Author:year:XYZ,
 author = {Name1, Firstname 1 and Name2, Firstname2},
 title = {A dummy title},
 journal = {A Fake Journal},
 issue_date = {June YYYY},
 volume = {1},
 number = {1},
 month = jun,
 year = {YYYY},
 issn = {0000-0000},
 pages = {000--000},
 numpages = {10},
} 

@inproceedings{canis2011legup,
  title={LegUp: high-level synthesis for FPGA-based processor/accelerator systems},
  author={Canis, Andrew and Choi, Jongsok and Aldham, Mark and Zhang, Victor and Kammoona, Ahmed and Anderson, Jason H and Brown, Stephen and Czajkowski, Tomasz},
  booktitle={Proceedings of the 19th ACM/SIGDA international symposium on Field programmable gate arrays},
  pages={33--36},
  year={2011},
  organization={ACM}
}

@inproceedings{talstad14project,
  author = {Talstad, Joar Nikolai},
  title = {Early Stage Power Estimation and Analysis on a Multi-Voltage Design},
  note = {Specialization project report},
  month = dec,
  year = {2014},
  organization={Norwegian University of Science and Technology}
} 

@inproceedings{,
  author = {},
  title = {Early Stage Power Estimation and Analysis on a Multi-Voltage Design},
  note = {Specialization project report},
  month = dec,
  year = {2014},
  organization={Norwegian University of Science and Technology}
} 

@mastersthesis{talstad15master,
  author       = {Joar Nikolai Talstad}, 
  title        = {The title of the work},
  school       = {Norwegian University of Science and Technology},
  year         = 2015,
  month        = 6
}

@article{coussy2009introduction,
  title={An introduction to high-level synthesis},
  author={Coussy, Philippe and Gajski, Daniel D and Meredith, Michael and Takach, Andres},
  journal={IEEE Design \& Test of Computers},
  number={4},
  pages={8--17},
  year={2009},
  publisher={IEEE}
}

@article{martin2009high,
  title={High-level synthesis: Past, present, and future},
  author={Martin, Grant and Smith, Gary},
  journal={IEEE Design \& Test of Computers},
  number={4},
  pages={18--25},
  year={2009},
  publisher={IEEE}
}

@InProceedings{LLVM:CGO04,
  author    = {Chris Lattner and Vikram Adve},
  title     = "{LLVM: A Compilation Framework for Lifelong Program Analysis \& Transformation}",
  booktitle = "{Proceedings of the 2004 International Symposium on Code Generation and Optimization (CGO'04)}",
  address   = {Palo Alto, California},
  month     = {Mar},
  year      = {2004}
}
  
  @online{tigmips,
  author = {Simon Moore and Gregory Chadwick},
  title = {The Tiger "MIPS" Processor},
  year = 2010,
  url = {http://www.cl.cam.ac.uk/teaching/0910/ECAD+Arch/mips.html},
  urldate = {2015-09-24}
}

@online{clang,
  author = {clang.llvm.org},
  title = {clang: a C language family frontend for LLVM},
  year = 2007,
  url = {http://clang.llvm.org/},
  urldate = {2015-09-24}
}